@misc{zhang2024existencemetalpoordiscmilky,
  title={On the existence of a very metal-poor disc in the Milky Way}, 
  author={Hanyuan Zhang and Anke Ardern-Arentsen and Vasily Belokurov},
  year={2024},
  eprint={2311.09294},
  primaryClass={astro-ph.GA},
  url={https://arxiv.org/abs/2311.09294}, 
}

@article{BlandHawthorn2016,
   title={The Galaxy in Context: Structural, Kinematic, and Integrated Properties},
   volume={54},
   ISSN={1545-4282},
   url={http://dx.doi.org/10.1146/annurev-astro-081915-023441},
   DOI={10.1146/annurev-astro-081915-023441},
   number={1},
   journal={Annual Review of Astronomy and Astrophysics},
   publisher={Annual Reviews},
   author={Bland-Hawthorn, Joss and Gerhard, Ortwin},
   year={2016},
   month=sep, pages={529–596} }

@article{Helmi2020,
   title={Streams, Substructures, and the Early History of the Milky Way},
   volume={58},
   ISSN={1545-4282},
   url={http://dx.doi.org/10.1146/annurev-astro-032620-021917},
   DOI={10.1146/annurev-astro-032620-021917},
   number={1},
   journal={Annual Review of Astronomy and Astrophysics},
   publisher={Annual Reviews},
   author={Helmi, Amina},
   year={2020},
   month=aug, pages={205–256} }

@article{Zhang2019,
   title={The evolution of galaxy shapes in CANDELS: from prolate to discy},
   volume={484},
   ISSN={1365-2966},
   url={http://dx.doi.org/10.1093/mnras/stz339},
   DOI={10.1093/mnras/stz339},
   number={4},
   journal={Monthly Notices of the Royal Astronomical Society},
   publisher={Oxford University Press (OUP)},
   author={Zhang, Haowen and Primack, Joel R and Faber, S M and Koo, David C and Dekel, Avishai and Chen, Zhu and Ceverino, Daniel and Chang, Yu-Yen and Fang, Jerome J and Guo, Yicheng and Lin, Lin and Wel, Arjen van der},
   year={2019},
   month=feb, pages={5170–5191} }

@article{Nelson2023,
   title={JWST Reveals a Population of Ultrared, Flattened Galaxies at 2 $\lesssim$ z $\lesssim$ 6 Previously Missed by HST},
   volume={948},
   ISSN={2041-8213},
   url={http://dx.doi.org/10.3847/2041-8213/acc1e1},
   DOI={10.3847/2041-8213/acc1e1},
   number={2},
   journal={The Astrophysical Journal Letters},
   publisher={American Astronomical Society},
   author={Nelson, Erica J. and Suess, Katherine A. and Bezanson, Rachel and Price, Sedona H. and van Dokkum, Pieter and Leja, Joel and Wang , Bingjie and Whitaker, Katherine E. and Labbé, Ivo and Barrufet, Laia and Brammer, Gabriel and Eisenstein, Daniel J. and Gibson, Justus and Hartley, Abigail I. and Johnson, Benjamin D. and Heintz, Kasper E. and Mathews, Elijah and Miller, Tim B. and Oesch, Pascal A. and Sandles, Lester and Setton, David J. and Speagle , Joshua S. and Tacchella, Sandro and Tadaki, Ken-ichi and Übler, Hannah and Weaver, John. R.},
   year={2023},
   month=may, pages={L18} }

@article{Kartaltepe2023,
   title={CEERS Key Paper. III. The Diversity of Galaxy Structure and Morphology at $z = 3$--$9$ with JWST},
   volume={946},
   ISSN={2041-8213},
   url={http://dx.doi.org/10.3847/2041-8213/acad01},
   DOI={10.3847/2041-8213/acad01},
   number={1},
   journal={The Astrophysical Journal Letters},
   publisher={American Astronomical Society},
   author={Kartaltepe, Jeyhan S. and Rose, Caitlin and Vanderhoof, Brittany N. and McGrath, Elizabeth J. and Costantin, Luca and Cox, Isabella G. and Yung, L. Y. Aaron and Kocevski, Dale D. and Wuyts, Stijn and Ferguson, Henry C. and Bagley, Micaela B. and Finkelstein, Steven L. and Amorín, Ricardo O. and Andrews, Brett H. and Arrabal Haro, Pablo and Backhaus, Bren E. and Behroozi, Peter and Bisigello, Laura and Calabrò, Antonello and Casey, Caitlin M. and Coogan, Rosemary T. and Cooper, M. C. and Croton, Darren and de la Vega, Alexander and Dickinson, Mark and Fontana, Adriano and Franco, Maximilien and Grazian, Andrea and Grogin, Norman A. and Hathi, Nimish P. and Holwerda, Benne W. and Huertas-Company, Marc and Iyer, Kartheik G. and Jogee, Shardha and Jung, Intae and Kewley, Lisa J. and Kirkpatrick, Allison and Koekemoer, Anton M. and Liu, James and Lotz, Jennifer M. and Lucas, Ray A. and Newman, Jeffrey A. and Pacifici, Camilla and Pandya, Viraj and Papovich, Casey and Pentericci, Laura and Pérez-González, Pablo G. and Petersen, Jayse and Pirzkal, Nor and Rafelski, Marc and Ravindranath, Swara and Simons, Raymond C. and Snyder, Gregory F. and Somerville, Rachel S. and Stanway, Elizabeth R. and Straughn, Amber N. and Tacchella, Sandro and Trump, Jonathan R. and Vega-Ferrero, Jesús and Wilkins, Stephen M. and Yang, Guang and Zavala, Jorge A.},
   year={2023},
   month=mar, pages={L15} }

@article{Stern2021,
   title={Virialization of the Inner CGM in the FIRE Simulations and Implications for Galaxy Disks, Star Formation, and Feedback},
   volume={911},
   ISSN={1538-4357},
   url={http://dx.doi.org/10.3847/1538-4357/abd776},
   DOI={10.3847/1538-4357/abd776},
   number={2},
   journal={The Astrophysical Journal},
   publisher={American Astronomical Society},
   author={Stern, Jonathan and Faucher-Giguère, Claude-André and Fielding, Drummond and Quataert, Eliot and Hafen, Zachary and Gurvich, Alexander B. and Ma, Xiangcheng and Byrne, Lindsey and El-Badry, Kareem and Anglés-Alcázar, Daniel and Chan, T. K. and Feldmann, Robert and Kereš, Dušan and Wetzel, Andrew and Murray, Norman and Hopkins, Philip F.},
   year={2021},
   month=apr, pages={88} }

@article{Hafen2022,
   title={Hot-mode accretion and the physics of thin-disc galaxy formation},
   volume={514},
   ISSN={1365-2966},
   url={http://dx.doi.org/10.1093/mnras/stac1603},
   DOI={10.1093/mnras/stac1603},
   number={4},
   journal={Monthly Notices of the Royal Astronomical Society},
   publisher={Oxford University Press (OUP)},
   author={Hafen, Zachary and Stern, Jonathan and Bullock, James and Gurvich, Alexander B and Yu, Sijie and Faucher-Giguère, Claude-André and Fielding, Drummond B and Anglés-Alcázar, Daniel and Quataert, Eliot and Wetzel, Andrew and Starkenburg, Tjitske and Boylan-Kolchin, Michael and Moreno, Jorge and Feldmann, Robert and El-Badry, Kareem and Chan, T K and Trapp, Cameron and Kereš, Dušan and Hopkins, Philip F},
   year={2022},
   month=jun, pages={5056–5073} }

@article{Hopkins2023,
   title={What causes the formation of discs and end of bursty star formation?},
   volume={525},
   ISSN={1365-2966},
   url={http://dx.doi.org/10.1093/mnras/stad1902},
   DOI={10.1093/mnras/stad1902},
   number={2},
   journal={Monthly Notices of the Royal Astronomical Society},
   publisher={Oxford University Press (OUP)},
   author={Hopkins, Philip F and Gurvich, Alexander B and Shen, Xuejian and Hafen, Zachary and Grudić, Michael Y and Kurinchi-Vendhan, Shalini and Hayward, Christopher C and Jiang, Fangzhou and Orr, Matthew E and Wetzel, Andrew and Kereš, Dušan and Stern, Jonathan and Faucher-Giguère, Claude-André and Bullock, James and Wheeler, Coral and El-Badry, Kareem and Loebman, Sarah R and Moreno, Jorge and Boylan-Kolchin, Michael and Quataert, Eliot},
   year={2023},
   month=jun, pages={2241–2286} }

@article{Nordstrom2004,
   title={The Geneva-Copenhagen survey of the Solar neighbourhood: Ages, metallicities, and kinematic properties of $\sim$14\,000 F and G dwarfs},
   volume={418},
   ISSN={1432-0746},
   url={http://dx.doi.org/10.1051/0004-6361:20035959},
   DOI={10.1051/0004-6361:20035959},
   number={3},
   journal={Astronomy and amp; Astrophysics},
   publisher={EDP Sciences},
   author={Nordström, B. and Mayor, M. and Andersen, J. and Holmberg, J. and Pont, F. and Jørgensen, B. R. and Olsen, E. H. and Udry, S. and Mowlavi, N.},
   year={2004},
   month=apr, pages={989–1019} }

@article{Haywood2013,
   title={The age structure of stellar populations in the solar vicinity: Clues of a two-phase formation history of the Milky Way disk},
   volume={560},
   ISSN={1432-0746},
   url={http://dx.doi.org/10.1051/0004-6361/201321397},
   DOI={10.1051/0004-6361/201321397},
   journal={Astronomy and amp; Astrophysics},
   publisher={EDP Sciences},
   author={Haywood, Misha and Di Matteo, Paola and Lehnert, Matthew D. and Katz, David and Gómez, Ana},
   year={2013},
   month=dec, pages={A109} }

@article{leung2019deep,
  title={Deep learning of multi-element abundances from high-resolution spectroscopic data},
  author={Leung, Henry W and Bovy, Jo},
  journal={Monthly Notices of the Royal Astronomical Society},
  volume={483},
  number={3},
  pages={3255--3277},
  year={2019},
  publisher={Oxford University Press}
}

@article{Anders2023,
   title={Spectroscopic age estimates for APOGEE red-giant stars: Precise spatial and kinematic trends with age in the Galactic disc},
   volume={678},
   ISSN={1432-0746},
   url={http://dx.doi.org/10.1051/0004-6361/202346666},
   DOI={10.1051/0004-6361/202346666},
   journal={Astronomy and amp; Astrophysics},
   publisher={EDP Sciences},
   author={Anders, F. and Gispert, P. and Ratcliffe, B. and Chiappini, C. and Minchev, I. and Nepal, S. and Queiroz, A. B. A. and Amarante, J. A. S. and Antoja, T. and Casali, G. and Casamiquela, L. and Khalatyan, A. and Miglio, A. and Perottoni, H. and Schultheis, M.},
   year={2023},
   month=oct, pages={A158} }

@article{Helmi2018,
   title={The merger that led to the formation of the Milky Way’s inner stellar halo and thick disk},
   volume={563},
   ISSN={1476-4687},
   url={http://dx.doi.org/10.1038/s41586-018-0625-x},
   DOI={10.1038/s41586-018-0625-x},
   number={7729},
   journal={Nature},
   publisher={Springer Science and Business Media LLC},
   author={Helmi, Amina and Babusiaux, Carine and Koppelman, Helmer H. and Massari, Davide and Veljanoski, Jovan and Brown, Anthony G. A.},
   year={2018},
   month=oct, pages={85–88} }

@article{Lancaster2019,
   title={The halo’s ancient metal-rich progenitor revealed with BHB stars},
   volume={486},
   ISSN={1365-2966},
   url={http://dx.doi.org/10.1093/mnras/stz853},
   DOI={10.1093/mnras/stz853},
   number={1},
   journal={Monthly Notices of the Royal Astronomical Society},
   publisher={Oxford University Press (OUP)},
   author={Lancaster, Lachlan and Koposov, Sergey E and Belokurov, Vasily and Evans, N Wyn and Deason, Alis J},
   year={2019},
   month=mar, pages={378–389} }

@article{Bird2021,
   title={Constraints on the Assembly History of the Milky Way’s Smooth, Diffuse Stellar Halo from the Metallicity-dependent, Radially Dominated Velocity Anisotropy Profiles Probed with K Giants and BHB Stars Using LAMOST, SDSS/SEGUE, and Gaia},
   volume={919},
   ISSN={1538-4357},
   url={http://dx.doi.org/10.3847/1538-4357/abfa9e},
   DOI={10.3847/1538-4357/abfa9e},
   number={1},
   journal={The Astrophysical Journal},
   publisher={American Astronomical Society},
   author={Bird, Sarah A. and Xue, Xiang-Xiang and Liu, Chao and Shen, Juntai and Flynn, Chris and Yang, Chengqun and Zhao, Gang and Tian, Hai-Jun},
   year={2021},
   month=sep, pages={66} }

@article{Norris1985,
  author       = {Norris, J. and Bessell, M. S. and Pickles, A. J.},
  title        = {Population studies. I. The Bidelman-MacConnell "weak-metal" stars},
  journal      = {The Astrophysical Journal Supplement Series},
  year         = {1985},
  month        = {July},
  volume       = {58},
  pages        = {463--492},
  doi          = {10.1086/191049},
  url          = {https://ui.adsabs.harvard.edu/abs/1985ApJS...58..463N}
}


@article{Chiba2000,
   title={Kinematics of Metal-poor Stars in the Galaxy. III. Formation of the Stellar Halo and Thick Disk as Revealed from a Large Sample of Nonkinematically Selected Stars},
   volume={119},
   ISSN={0004-6256},
   url={http://dx.doi.org/10.1086/301409},
   DOI={10.1086/301409},
   number={6},
   journal={The Astronomical Journal},
   publisher={American Astronomical Society},
   author={Chiba, Masashi and Beers, Timothy C.},
   year={2000},
   month=jun, pages={2843–2865} }

@article{Carollo2019,
  author       = {Carollo, Daniela and Chiba, Masashi and Ishigaki, Miho and Freeman, Ken and Beers, Timothy C. and Lee, Young Sun and Tissera, Patricia and Battistini, Chiara and Primas, Francesca},
  title        = {Evidence for the Third Stellar Population in the Milky Way's Disk},
  journal      = {The Astrophysical Journal},
  year         = {2019},
  month        = {December},
  volume       = {887},
  number       = {1},
  pages        = {22},
  doi          = {10.3847/1538-4357/ab517c},
  url          = {https://ui.adsabs.harvard.edu/abs/2019ApJ...887...22C},
  eprint       = {1904.04881},
  primaryClass = {astro-ph.GA}
}


@article{An2020,
  author       = {An, Deokkeun and Beers, Timothy C.},
  title        = {A Blueprint for the Milky Way's Stellar Populations: The Power of Large Photometric and Astrometric Surveys},
  journal      = {The Astrophysical Journal},
  year         = {2020},
  month        = {July},
  volume       = {897},
  number       = {1},
  pages        = {39},
  doi          = {10.3847/1538-4357/ab8d39},
  url          = {https://ui.adsabs.harvard.edu/abs/2020ApJ...897...39A},
  eprint       = {1912.06847},
  primaryClass = {astro-ph.GA}
}




@inproceedings{Sestito2019,
  author    = {Federico Sestito and Nicolas Martin and Else Starkenburg},
  title     = {Tracing the formation of the Milky Way through ultra metal-poor stars},
  booktitle = {The Gaia Universe},
  year      = {2019},
  month     = apr,
  pages     = {47},
  doi       = {10.5281/zenodo.3236051}
}

@article{Venn2020,
  author    = {Kim A. Venn and Collin L. Kielty and Federico Sestito and Else Starkenburg and Nicolas Martin and David S. Aguado and Anke Arentsen and Piercarlo Bonifacio and Elisabetta Caffau and Vanessa Hill and Pascale Jablonka and Carmela Lardo and Lyudmilla Mashonkina and Julio F. Navarro and Chris Sneden and Guillaume Thomas and Kris Youakim and Jonay I. González-Hernández and Rubén Sánchez Janssen and Ray Carlberg and Khyati Malhan},
  title     = {The Pristine survey - IX. CFHT ESPaDOnS spectroscopic analysis of 115 bright metal-poor candidate stars},
  journal   = {Monthly Notices of the Royal Astronomical Society},
  volume    = {492},
  number    = {3},
  pages     = {3241--3262},
  year      = {2020},
  month     = mar,
  doi       = {10.1093/mnras/stz3546}
}



@article{Cordoni2020,
   title={Exploring the Galaxy’s halo and very metal-weak thick disc with SkyMapper and Gaia DR2},
   volume={503},
   ISSN={1365-2966},
   url={http://dx.doi.org/10.1093/mnras/staa3417},
   DOI={10.1093/mnras/staa3417},
   number={2},
   journal={Monthly Notices of the Royal Astronomical Society},
   publisher={Oxford University Press (OUP)},
   author={Cordoni, G and Da Costa, G S and Yong, D and Mackey, A D and Marino, A F and Monty, S and Nordlander, T and Norris, J E and Asplund, M and Bessell, M S and Casey, A R and Frebel, A and Lind, K and Murphy, S J and Schmidt, B P and Gao, X D and Xylakis-Dornbusch, T and Amarsi, A M and Milone, A P},
   year={2020},
   month=nov, pages={2539–2561} }

@article{Mardini2022,
   title={The Atari Disk, a Metal-poor Stellar Population in the Disk System of the Milky Way},
   volume={936},
   ISSN={1538-4357},
   url={http://dx.doi.org/10.3847/1538-4357/ac8102},
   DOI={10.3847/1538-4357/ac8102},
   number={1},
   journal={The Astrophysical Journal},
   publisher={American Astronomical Society},
   author={Mardini, Mohammad K. and Frebel, Anna and Chiti, Anirudh and Meiron, Yohai and Brauer, Kaley V. and Ou, Xiaowei},
   year={2022},
   month=sep, pages={78} }

@article{Sestito2020PristineX,
  author       = {Sestito, Federico and Martin, Nicolas F. and Starkenburg, Else and Arentsen, Anke and Ibata, Rodrigo A. and Longeard, Nicolas and Kielty, Collin and Youakim, Kristopher and Venn, Kim A. and Aguado, David S. and Carlberg, Raymond G. and Gonzalez Hernandez, Jonay I. and Hill, Vanessa and Jablonka, Pascale and Kordopatis, Georges and Malhan, Khyati and Navarro, Julio F. and Sanchez-Janssen, Ruben and Thomas, Guillaume and Tolstoy, Eline and Wilson, Thomas G. and Palicio, Pedro A. and Bialek, Spencer and Garcia-Dias, Rafael and Lucchesi, Romain and North, Pierre and Osorio, Yeisson and Patrick, Lee R. and Peralta de Arriba, Luis},
  title        = {The Pristine survey - X. A large population of low-metallicity stars permeates the Galactic disc},
  journal      = {Monthly Notices of the Royal Astronomical Society: Letters},
  year         = {2020},
  month        = {September},
  volume       = {497},
  number       = {1},
  pages        = {L7--L12},
  doi          = {10.1093/mnrasl/slaa022},
  eprint       = {1911.08491},
  primaryClass = {astro-ph.GA},
  url          = {https://ui.adsabs.harvard.edu/abs/2020MNRAS.497L...7S}
}

}

@article{Sestito2020,
   title={Exploring the origin of low-metallicity stars in Milky-Way-like galaxies with the NIHAO-UHD simulations},
   volume={500},
   ISSN={1365-2966},
   url={http://dx.doi.org/10.1093/mnras/staa3479},
   DOI={10.1093/mnras/staa3479},
   number={3},
   journal={Monthly Notices of the Royal Astronomical Society},
   publisher={Oxford University Press (OUP)},
   author={Sestito, Federico and Buck, Tobias and Starkenburg, Else and Martin, Nicolas F and Navarro, Julio F and Venn, Kim A and Obreja, Aura and Jablonka, Pascale and Macciò, Andrea V},
   year={2020},
   month=nov, pages={3750–3762} }


@article{Santistevan2021,
  author       = {Santistevan, Isaiah B. and Wetzel, Andrew and Sanderson, Robyn E. and El-Badry, Kareem and Samuel, Jenna and Faucher-Giguère, Claude-André},
  title        = {The origin of metal-poor stars on prograde disc orbits in FIRE simulations of Milky Way-mass galaxies},
  journal      = {Monthly Notices of the Royal Astronomical Society},
  year         = {2021},
  month        = {July},
  volume       = {505},
  number       = {1},
  pages        = {921--938},
  doi          = {10.1093/mnras/stab1345},
  eprint       = {2102.03369},
  primaryClass = {astro-ph.GA},
  url          = {https://ui.adsabs.harvard.edu/abs/2021MNRAS.505..921S}
}



@article{Gurvich2023,
  author       = {Gurvich, Alexander B. and Stern, Jonathan and Faucher-Giguère, Claude-André and Hopkins, Philip F. and Wetzel, Andrew and Moreno, Jorge and Hayward, Christopher C. and Richings, Alexander J. and Hafen, Zachary},
  title        = {Rapid disc settling and the transition from bursty to steady star formation in Milky Way-mass galaxies},
  journal      = {Monthly Notices of the Royal Astronomical Society},
  year         = {2023},
  month        = {February},
  volume       = {519},
  number       = {2},
  pages        = {2598--2614},
  doi          = {10.1093/mnras/stac3712},
  eprint       = {2203.04321},
  primaryClass = {astro-ph.GA},
  url          = {https://ui.adsabs.harvard.edu/abs/2023MNRAS.519.2598G}
}

@article{Belokurov2018,
   title={Co-formation of the disc and the stellar halo},
   volume={478},
   ISSN={1365-2966},
   url={http://dx.doi.org/10.1093/mnras/sty982},
   DOI={10.1093/mnras/sty982},
   number={1},
   journal={Monthly Notices of the Royal Astronomical Society},
   publisher={Oxford University Press (OUP)},
   author={Belokurov, V and Erkal, D and Evans, N W and Koposov, S E and Deason, A J},
   year={2018},
   month=jun, pages={611–619} }

@article{Belokurov2022,
   title={From dawn till disc: Milky Way’s turbulent youth revealed by the APOGEE+Gaia data},
   volume={514},
   ISSN={1365-2966},
   url={http://dx.doi.org/10.1093/mnras/stac1267},
   DOI={10.1093/mnras/stac1267},
   number={1},
   journal={Monthly Notices of the Royal Astronomical Society},
   publisher={Oxford University Press (OUP)},
   author={Belokurov, Vasily and Kravtsov, Andrey},
   year={2022},
   month=may, pages={689–714} }

@article{Rix2022,
   title={The Poor Old Heart of the Milky Way},
   volume={941},
   ISSN={1538-4357},
   url={http://dx.doi.org/10.3847/1538-4357/ac9e01},
   DOI={10.3847/1538-4357/ac9e01},
   number={1},
   journal={The Astrophysical Journal},
   publisher={American Astronomical Society},
   author={Rix, Hans-Walter and Chandra, Vedant and Andrae, René and Price-Whelan, Adrian M. and Weinberg, David H. and Conroy, Charlie and Fouesneau, Morgan and Hogg, David W and De Angeli, Francesca and Naidu, Rohan P. and Xiang, Maosheng and Ruz-Mieres, Daniela},
   year={2022},
   month=dec, pages={45} }

@article{Arentsen2020a,
  author       = {Arentsen, A. and Starkenburg, E. and Martin, N.~F. and Hill, V. and Ibata, R. and Kunder, A. and Schultheis, M. and Venn, K.~A. and Zucker, D.~B. and Aguado, D. and Carlberg, R. and González Hernández, J.~I. and Lardo, C. and Longeard, N. and Malhan, K. and Navarro, J.~F. and Sánchez-Janssen, R. and Sestito, F. and Thomas, G. and Youakim, K. and Lewis, G.~F. and Simpson, J.~D. and Wan, Z.},
  title        = {The Pristine Inner Galaxy Survey (PIGS) I: Tracing the kinematics of metal-poor stars in the Galactic bulge},
  journal      = {Monthly Notices of the Royal Astronomical Society},
  year         = {2020},
  month        = {January},
  volume       = {491},
  number       = {1},
  pages        = {L11--L16},
  doi          = {10.1093/mnrasl/slz156},
  eprint       = {1910.06337},
  primaryClass = {astro-ph.GA},
  url          = {https://ui.adsabs.harvard.edu/abs/2020MNRAS.491L..11A}
}



@article{Arentsen2020,
   title={The Pristine Inner Galaxy Survey (PIGS) II: Uncovering the most metal-poor populations in the inner Milky Way},
   volume={496},
   ISSN={1365-2966},
   url={http://dx.doi.org/10.1093/mnras/staa1661},
   DOI={10.1093/mnras/staa1661},
   number={4},
   journal={Monthly Notices of the Royal Astronomical Society},
   publisher={Oxford University Press (OUP)},
   author={Arentsen, Anke and Starkenburg, Else and Martin, Nicolas F and Aguado, David S and Zucker, Daniel B and Allende Prieto, Carlos and Hill, Vanessa and Venn, Kim A and Carlberg, Raymond G and González Hernández, Jonay I and Mashonkina, Lyudmila I and Navarro, Julio F and Sánchez-Janssen, Rubén and Schultheis, Mathias and Thomas, Guillaume F and Youakim, Kris and Lewis, Geraint F and Simpson, Jeffrey D and Wan, Zhen and Cohen, Roger E and Geisler, Doug and O’Connell, Julia E},
   year={2020},
   month=jul, pages={4964–4978} }

@article{Dillamore2023,
   title={Stellar halo substructure generated by bar resonances},
   volume={524},
   ISSN={1365-2966},
   url={http://dx.doi.org/10.1093/mnras/stad2136},
   DOI={10.1093/mnras/stad2136},
   number={3},
   journal={Monthly Notices of the Royal Astronomical Society},
   publisher={Oxford University Press (OUP)},
   author={Dillamore, Adam M and Belokurov, Vasily and Evans, N Wyn and Davies, Elliot Y},
   year={2023},
   month=jul, pages={3596–3608} }

@article{BullockJohnston2005,
   title={Tracing Galaxy Formation with Stellar Halos. I. Methods},
   volume={635},
   ISSN={1538-4357},
   url={http://dx.doi.org/10.1086/497422},
   DOI={10.1086/497422},
   number={2},
   journal={The Astrophysical Journal},
   publisher={American Astronomical Society},
   author={Bullock, James S. and Johnston, Kathryn V.},
   year={2005},
   month=dec, pages={931–949} }

@article{Cooper2010,
   title={Galactic stellar haloes in the CDM model: Galactic stellar haloes in the CDM model},
   volume={406},
   ISSN={0035-8711},
   url={http://dx.doi.org/10.1111/j.1365-2966.2010.16740.x},
   DOI={10.1111/j.1365-2966.2010.16740.x},
   number={2},
   journal={Monthly Notices of the Royal Astronomical Society},
   publisher={Oxford University Press (OUP)},
   author={Cooper, A. P. and Cole, S. and Frenk, C. S. and White, S. D. M. and Helly, J. and Benson, A. J. and De Lucia, G. and Helmi, A. and Jenkins, A. and Navarro, J. F. and Springel, V. and Wang, J.},
   year={2010},
   month=may, pages={744–766} }

@article{Purcell2007,
   title={Shredded Galaxies as the Source of Diffuse Intrahalo Light on Varying Scales},
   volume={666},
   ISSN={1538-4357},
   url={http://dx.doi.org/10.1086/519787},
   DOI={10.1086/519787},
   number={1},
   journal={The Astrophysical Journal},
   publisher={American Astronomical Society},
   author={Purcell, Chris W. and Bullock, James S. and Zentner, Andrew R.},
   year={2007},
   month=sep, pages={20–33} }

@article{BullockBoylanKolchin2017,
   title={Small-Scale Challenges to the Lambda CDM Paradigm},
   volume={55},
   ISSN={1545-4282},
   url={http://dx.doi.org/10.1146/annurev-astro-091916-055313},
   DOI={10.1146/annurev-astro-091916-055313},
   number={1},
   journal={Annual Review of Astronomy and Astrophysics},
   publisher={Annual Reviews},
   author={Bullock, James S. and Boylan-Kolchin, Michael},
   year={2017},
   month=aug, pages={343–387} }

@article{HelmiDeZeeuw2000,
  title={Mapping the substructure in the Galactic halo with the next generation of astrometric satellites},
  author={Helmi, Amina and Tim de Zeeuw, P},
  journal={Monthly Notices of the Royal Astronomical Society},
  volume={319},
  number={3},
  pages={657--665},
  year={2000},
  publisher={Blackwell Science Ltd Oxford, UK}
}

@article{Fall2012,
doi = {10.1088/0004-637X/752/2/96},
url = {https://dx.doi.org/10.1088/0004-637X/752/2/96},
year = {2012},
month = {may},
publisher = {The American Astronomical Society},
volume = {752},
number = {2},
pages = {96},
author = {Fall, S. Michael and Chandar, Rupali},
title = {SIMILARITIES IN POPULATIONS OF STAR CLUSTERS},
journal = {The Astrophysical Journal}
}

@dataset{BailerJones2021,
       author = {{Bailer-Jones}, C.~A.~L. and {Rybizki}, J. and {Fouesneau}, M. and {Demleitner}, M. and {Andrae}, R.},
        title = "{VizieR Online Data Catalog: Distances to 1.47 billion stars in Gaia EDR3 (Bailer-Jones+, 2021)}",
 howpublished = {VizieR On-line Data Catalog: I/352.  Originally published in: 2021AJ....161..147B},
         year = 2021,
        month = feb,
          eid = {I/352},
       adsurl = {https://ui.adsabs.harvard.edu/abs/2021yCat.1352....0B},
      adsnote = {Provided by the SAO/NASA Astrophysics Data System}
}

@article{Andrae2023,
doi = {10.3847/1538-4365/acd53e},
url = {https://dx.doi.org/10.3847/1538-4365/acd53e},
year = {2023},
month = {jul},
publisher = {The American Astronomical Society},
volume = {267},
number = {1},
pages = {8},
author = {Andrae, René and Rix, Hans-Walter and Chandra, Vedant},
title = {Robust Data-driven Metallicities for 175 Million Stars from Gaia XP Spectra},
journal = {The Astrophysical Journal Supplement Series}
}

@article{GaiaCollaboration2023,
  author       = {{Gaia Collaboration} and Vallenari, A. and Brown, A. G. A. and others},
  title        = {{Gaia} Data Release 3: Summary of the content and survey properties},
  journal      = {Astronomy \& Astrophysics},
  year         = {2023},
  volume       = {674},
  pages        = {A1},
  doi          = {10.1051/0004-6361/202243940},
  archivePrefix= {arXiv},
  eprint       = {2208.00211},
  primaryClass = {astro-ph.GA},
  bibcode      = {2023A&A...674A...1G}
}

@ARTICLE{Pace2024,
    author = {{Pace}, Andrew B.},
        title = "{The Local Volume Database: a library of the observed properties of nearby dwarf galaxies and star clusters}",
    journal = {arXiv e-prints},
    keywords = {Astrophysics - Astrophysics of Galaxies},
        year = 2024,
        month = nov,
        eid = {arXiv:2411.07424},
        pages = {arXiv:2411.07424},
        doi = {10.48550/arXiv.2411.07424},
archivePrefix = {arXiv},
    eprint = {2411.07424},
primaryClass = {astro-ph.GA},
    adsurl = {https://ui.adsabs.harvard.edu/abs/2024arXiv241107424P},
    adsnote = {Provided by the SAO/NASA Astrophysics Data System}
}

@article{McMillan2016,
   title={The mass distribution and gravitational potential of the Milky Way},
   volume={465},
   ISSN={1365-2966},
   url={http://dx.doi.org/10.1093/mnras/stw2759},
   DOI={10.1093/mnras/stw2759},
   number={1},
   journal={Monthly Notices of the Royal Astronomical Society},
   publisher={Oxford University Press (OUP)},
   author={McMillan, Paul J.},
   year={2016},
   month=oct, pages={76–94} }

@article{Schonrich2010,
   title={Local kinematics and the local standard of rest},
   volume={403},
   ISSN={1365-2966},
   url={http://dx.doi.org/10.1111/j.1365-2966.2010.16253.x},
   DOI={10.1111/j.1365-2966.2010.16253.x},
   number={4},
   journal={Monthly Notices of the Royal Astronomical Society},
   publisher={Oxford University Press (OUP)},
   author={Schönrich, Ralph and Binney, James and Dehnen, Walter},
   year={2010},
   month=apr, pages={1829–1833} }


@article{Green2018, 
   doi = {10.21105/joss.00695}, 
   url = {https://doi.org/10.21105/joss.00695}, 
   year = {2018}, 
   publisher = {The Open Journal}, 
   volume = {3}, number = {26}, pages = {695}, 
   author = {Gregory M. Green}, 
   title = {dustmaps: A Python interface for maps of interstellar dust}, 
   journal = {Journal of Open Source Software} }